%YAML 1.1
%TAG !u! tag:unity3d.com,2011:
--- !u!1 &1109190246473856865
GameObject:
  m_ObjectHideFlags: 0
  m_CorrespondingSourceObject: {fileID: 0}
  m_PrefabInstance: {fileID: 0}
  m_PrefabAsset: {fileID: 0}
  serializedVersion: 6
  m_Component:
  - component: {fileID: 1109190246473856866}
  - component: {fileID: 1109190246473856867}
  - component: {fileID: 1109190246473856868}
  m_Layer: 0
  m_Name: TimeMachine
  m_TagString: Untagged
  m_Icon: {fileID: 0}
  m_NavMeshLayer: 0
  m_StaticEditorFlags: 0
  m_IsActive: 1
--- !u!4 &1109190246473856866
Transform:
  m_ObjectHideFlags: 0
  m_CorrespondingSourceObject: {fileID: 0}
  m_PrefabInstance: {fileID: 0}
  m_PrefabAsset: {fileID: 0}
  m_GameObject: {fileID: 1109190246473856865}
  m_LocalRotation: {x: 0, y: 0, z: 0, w: 1}
  m_LocalPosition: {x: 15.24, y: 4.999, z: 105.21}
  m_LocalScale: {x: 1, y: 1, z: 1}
  m_Children:
  - {fileID: 5340730851207251857}
  - {fileID: 5340730851697562445}
  m_Father: {fileID: 0}
  m_RootOrder: 0
  m_LocalEulerAnglesHint: {x: 0, y: 0, z: 0}
--- !u!65 &1109190246473856867
BoxCollider:
  m_ObjectHideFlags: 0
  m_CorrespondingSourceObject: {fileID: 0}
  m_PrefabInstance: {fileID: 0}
  m_PrefabAsset: {fileID: 0}
  m_GameObject: {fileID: 1109190246473856865}
  m_Material: {fileID: 0}
  m_IsTrigger: 1
  m_Enabled: 1
  serializedVersion: 2
  m_Size: {x: 1.5, y: 2, z: 1.5}
  m_Center: {x: 0, y: 1, z: 0}
--- !u!114 &1109190246473856868
MonoBehaviour:
  m_ObjectHideFlags: 0
  m_CorrespondingSourceObject: {fileID: 0}
  m_PrefabInstance: {fileID: 0}
  m_PrefabAsset: {fileID: 0}
  m_GameObject: {fileID: 1109190246473856865}
  m_Enabled: 1
  m_EditorHideFlags: 0
  m_Script: {fileID: 11500000, guid: e03237ac5d9493d42b32f22b627bef55, type: 3}
  m_Name: 
  m_EditorClassIdentifier: 
  numberOfParts: 0
  objectiveText: {fileID: 0}
  interactText: {fileID: 0}
  builtTimeMachine: {fileID: 8954651056877041026}
  notBuiltTimeMachine: {fileID: 8954651056394068318}
--- !u!1001 &1109190247099673739
PrefabInstance:
  m_ObjectHideFlags: 0
  serializedVersion: 2
  m_Modification:
    m_TransformParent: {fileID: 1109190246473856866}
    m_Modifications:
    - target: {fileID: -4216859302048453862, guid: f6ad4d8923a5ab3468e56f718ade0802,
        type: 3}
      propertyPath: m_LocalPosition.x
      value: 0
      objectReference: {fileID: 0}
    - target: {fileID: -4216859302048453862, guid: f6ad4d8923a5ab3468e56f718ade0802,
        type: 3}
      propertyPath: m_LocalPosition.y
      value: 0
      objectReference: {fileID: 0}
    - target: {fileID: -4216859302048453862, guid: f6ad4d8923a5ab3468e56f718ade0802,
        type: 3}
      propertyPath: m_LocalPosition.z
      value: 0
      objectReference: {fileID: 0}
    - target: {fileID: -4216859302048453862, guid: f6ad4d8923a5ab3468e56f718ade0802,
        type: 3}
      propertyPath: m_LocalRotation.x
      value: 0
      objectReference: {fileID: 0}
    - target: {fileID: -4216859302048453862, guid: f6ad4d8923a5ab3468e56f718ade0802,
        type: 3}
      propertyPath: m_LocalRotation.y
      value: 0
      objectReference: {fileID: 0}
    - target: {fileID: -4216859302048453862, guid: f6ad4d8923a5ab3468e56f718ade0802,
        type: 3}
      propertyPath: m_LocalRotation.z
      value: 0
      objectReference: {fileID: 0}
    - target: {fileID: -4216859302048453862, guid: f6ad4d8923a5ab3468e56f718ade0802,
        type: 3}
      propertyPath: m_LocalRotation.w
      value: 1
      objectReference: {fileID: 0}
    - target: {fileID: -4216859302048453862, guid: f6ad4d8923a5ab3468e56f718ade0802,
        type: 3}
      propertyPath: m_RootOrder
      value: 0
      objectReference: {fileID: 0}
    - target: {fileID: -4216859302048453862, guid: f6ad4d8923a5ab3468e56f718ade0802,
        type: 3}
      propertyPath: m_LocalEulerAnglesHint.x
      value: 0
      objectReference: {fileID: 0}
    - target: {fileID: -4216859302048453862, guid: f6ad4d8923a5ab3468e56f718ade0802,
        type: 3}
      propertyPath: m_LocalEulerAnglesHint.y
      value: 0
      objectReference: {fileID: 0}
    - target: {fileID: -4216859302048453862, guid: f6ad4d8923a5ab3468e56f718ade0802,
        type: 3}
      propertyPath: m_LocalEulerAnglesHint.z
      value: 0
      objectReference: {fileID: 0}
    - target: {fileID: -927199367670048503, guid: f6ad4d8923a5ab3468e56f718ade0802,
        type: 3}
      propertyPath: m_Name
      value: BuiltTimeMachine
      objectReference: {fileID: 0}
    - target: {fileID: -927199367670048503, guid: f6ad4d8923a5ab3468e56f718ade0802,
        type: 3}
      propertyPath: m_IsActive
      value: 1
      objectReference: {fileID: 0}
    m_RemovedComponents: []
  m_SourcePrefab: {fileID: 100100000, guid: f6ad4d8923a5ab3468e56f718ade0802, type: 3}
--- !u!1 &8954651056877041026 stripped
GameObject:
  m_CorrespondingSourceObject: {fileID: -927199367670048503, guid: f6ad4d8923a5ab3468e56f718ade0802,
    type: 3}
  m_PrefabInstance: {fileID: 1109190247099673739}
  m_PrefabAsset: {fileID: 0}
--- !u!4 &5340730851207251857 stripped
Transform:
  m_CorrespondingSourceObject: {fileID: -4216859302048453862, guid: f6ad4d8923a5ab3468e56f718ade0802,
    type: 3}
  m_PrefabInstance: {fileID: 1109190247099673739}
  m_PrefabAsset: {fileID: 0}
--- !u!1001 &1109190247624652887
PrefabInstance:
  m_ObjectHideFlags: 0
  serializedVersion: 2
  m_Modification:
    m_TransformParent: {fileID: 1109190246473856866}
    m_Modifications:
    - target: {fileID: -4216859302048453862, guid: f6ad4d8923a5ab3468e56f718ade0802,
        type: 3}
      propertyPath: m_LocalPosition.x
      value: 0
      objectReference: {fileID: 0}
    - target: {fileID: -4216859302048453862, guid: f6ad4d8923a5ab3468e56f718ade0802,
        type: 3}
      propertyPath: m_LocalPosition.y
      value: 0
      objectReference: {fileID: 0}
    - target: {fileID: -4216859302048453862, guid: f6ad4d8923a5ab3468e56f718ade0802,
        type: 3}
      propertyPath: m_LocalPosition.z
      value: 0
      objectReference: {fileID: 0}
    - target: {fileID: -4216859302048453862, guid: f6ad4d8923a5ab3468e56f718ade0802,
        type: 3}
      propertyPath: m_LocalRotation.x
      value: 0
      objectReference: {fileID: 0}
    - target: {fileID: -4216859302048453862, guid: f6ad4d8923a5ab3468e56f718ade0802,
        type: 3}
      propertyPath: m_LocalRotation.y
      value: 0
      objectReference: {fileID: 0}
    - target: {fileID: -4216859302048453862, guid: f6ad4d8923a5ab3468e56f718ade0802,
        type: 3}
      propertyPath: m_LocalRotation.z
      value: 0
      objectReference: {fileID: 0}
    - target: {fileID: -4216859302048453862, guid: f6ad4d8923a5ab3468e56f718ade0802,
        type: 3}
      propertyPath: m_LocalRotation.w
      value: 1
      objectReference: {fileID: 0}
    - target: {fileID: -4216859302048453862, guid: f6ad4d8923a5ab3468e56f718ade0802,
        type: 3}
      propertyPath: m_RootOrder
      value: 1
      objectReference: {fileID: 0}
    - target: {fileID: -4216859302048453862, guid: f6ad4d8923a5ab3468e56f718ade0802,
        type: 3}
      propertyPath: m_LocalEulerAnglesHint.x
      value: 0
      objectReference: {fileID: 0}
    - target: {fileID: -4216859302048453862, guid: f6ad4d8923a5ab3468e56f718ade0802,
        type: 3}
      propertyPath: m_LocalEulerAnglesHint.y
      value: 0
      objectReference: {fileID: 0}
    - target: {fileID: -4216859302048453862, guid: f6ad4d8923a5ab3468e56f718ade0802,
        type: 3}
      propertyPath: m_LocalEulerAnglesHint.z
      value: 0
      objectReference: {fileID: 0}
    - target: {fileID: -4216859302048453862, guid: f6ad4d8923a5ab3468e56f718ade0802,
        type: 3}
      propertyPath: m_LocalScale.x
      value: 1
      objectReference: {fileID: 0}
    - target: {fileID: -4216859302048453862, guid: f6ad4d8923a5ab3468e56f718ade0802,
        type: 3}
      propertyPath: m_LocalScale.y
      value: 1
      objectReference: {fileID: 0}
    - target: {fileID: -4216859302048453862, guid: f6ad4d8923a5ab3468e56f718ade0802,
        type: 3}
      propertyPath: m_LocalScale.z
      value: 1
      objectReference: {fileID: 0}
    - target: {fileID: -1504981713932161579, guid: f6ad4d8923a5ab3468e56f718ade0802,
        type: 3}
      propertyPath: m_Materials.Array.data[0]
      value: 
      objectReference: {fileID: 2100000, guid: 985339034d90ac54fb4335b9fed05b75, type: 2}
    - target: {fileID: -1504981713932161579, guid: f6ad4d8923a5ab3468e56f718ade0802,
        type: 3}
      propertyPath: m_Materials.Array.data[1]
      value: 
      objectReference: {fileID: 2100000, guid: 985339034d90ac54fb4335b9fed05b75, type: 2}
    - target: {fileID: -1504981713932161579, guid: f6ad4d8923a5ab3468e56f718ade0802,
        type: 3}
      propertyPath: m_Materials.Array.data[2]
      value: 
      objectReference: {fileID: 2100000, guid: 985339034d90ac54fb4335b9fed05b75, type: 2}
    - target: {fileID: -1504981713932161579, guid: f6ad4d8923a5ab3468e56f718ade0802,
        type: 3}
      propertyPath: m_Materials.Array.data[3]
      value: 
      objectReference: {fileID: 2100000, guid: 985339034d90ac54fb4335b9fed05b75, type: 2}
    - target: {fileID: -927199367670048503, guid: f6ad4d8923a5ab3468e56f718ade0802,
        type: 3}
      propertyPath: m_Name
      value: NotBuiltTimeMachine
      objectReference: {fileID: 0}
    m_RemovedComponents: []
  m_SourcePrefab: {fileID: 100100000, guid: f6ad4d8923a5ab3468e56f718ade0802, type: 3}
--- !u!1 &8954651056394068318 stripped
GameObject:
  m_CorrespondingSourceObject: {fileID: -927199367670048503, guid: f6ad4d8923a5ab3468e56f718ade0802,
    type: 3}
  m_PrefabInstance: {fileID: 1109190247624652887}
  m_PrefabAsset: {fileID: 0}
--- !u!4 &5340730851697562445 stripped
Transform:
  m_CorrespondingSourceObject: {fileID: -4216859302048453862, guid: f6ad4d8923a5ab3468e56f718ade0802,
    type: 3}
  m_PrefabInstance: {fileID: 1109190247624652887}
  m_PrefabAsset: {fileID: 0}
